<?xml version="1.0" encoding="UTF-8"?><collection xmlns="http://www.loc.gov/MARC21/slim"><record><leader>00490nam--2200193-u-4500</leader><controlfield tag="001">000053721</controlfield><controlfield tag="002">20161230</controlfield><controlfield tag="005">20161230201051</controlfield><controlfield tag="008">110601s1000------------r-----000-0-rus-d</controlfield><datafield ind1=" " ind2=" " tag="040"><subfield code="a">IFIN-HH</subfield></datafield><datafield ind1=" " ind2=" " tag="041"><subfield code="a">rus</subfield></datafield><datafield ind1=" " ind2=" " tag="080"><subfield code="a">536.7</subfield></datafield><datafield ind1="1" ind2=" " tag="100"><subfield code="a">Belousov, V.P</subfield></datafield><datafield ind1="1" ind2="0" tag="245"><subfield code="a">Termodinamika vodnih rastvorov neelektrolitov</subfield><subfield code="c">V.p. belousov; m.iu. panov</subfield></datafield><datafield ind1=" " ind2=" " tag="260"><subfield code="a">Leningrad</subfield><subfield code="b">Himia</subfield><subfield code="c">1983</subfield></datafield><datafield ind1=" " ind2=" " tag="300"><subfield code="a">265P</subfield></datafield><datafield ind1="1" ind2=" " tag="700"><subfield code="a">Panov, M.Iu</subfield></datafield><datafield ind1=" " ind2=" " tag="852"><subfield code="a">71770</subfield><subfield code="c">536.7</subfield></datafield><datafield ind1=" " ind2=" " tag="CAT"><subfield code="a">Sys</subfield><subfield code="c">20110601</subfield><subfield code="h">134816</subfield></datafield></record></collection>